<record><leader>03674cam a2200457 i 4500</leader><controlfield tag="001">6815362</controlfield><controlfield tag="003">OCoLC</controlfield><controlfield tag="005">20150210101320.0</controlfield><controlfield tag="008">140904s2015    nyua     b    001 0 eng  </controlfield><datafield ind1=" " ind2=" " tag="010"><subfield code="a">  2014016223</subfield></datafield><datafield ind1=" " ind2=" " tag="020"><subfield code="a">9781138021969 (hardback)</subfield></datafield><datafield ind1=" " ind2=" " tag="020"><subfield code="a">1138021962 (hardback)</subfield></datafield><datafield ind1=" " ind2=" " tag="020"><subfield code="a">9781138021983 (paperback)</subfield></datafield><datafield ind1=" " ind2=" " tag="020"><subfield code="a">1138021989 (paperback)</subfield></datafield><datafield ind1=" " ind2=" " tag="020"><subfield code="z">9781315777382 (ebook)</subfield></datafield><datafield ind1=" " ind2=" " tag="020"><subfield code="z">131577738X (ebook)</subfield></datafield><datafield ind1=" " ind2=" " tag="035"><subfield code="a">ocn879583762</subfield></datafield><datafield ind1=" " ind2=" " tag="040"><subfield code="a">DLC</subfield><subfield code="b">eng</subfield><subfield code="e">rda</subfield><subfield code="c">DLC</subfield><subfield code="d">YDXCP</subfield><subfield code="d">BTCTA</subfield><subfield code="d">BDX</subfield><subfield code="d">NGU</subfield><subfield code="d">IUL</subfield><subfield code="d">OCLCF</subfield><subfield code="d">UNA</subfield><subfield code="d">CDX</subfield><subfield code="d">UAB</subfield><subfield code="d">AEU</subfield></datafield><datafield ind1=" " ind2=" " tag="042"><subfield code="a">pcc</subfield></datafield><datafield ind1=" " ind2=" " tag="043"><subfield code="a">n-us---</subfield></datafield><datafield ind1="0" ind2="0" tag="050"><subfield code="a">LC151</subfield><subfield code="b">.S63 2015</subfield></datafield><datafield ind1="0" ind2="0" tag="082"><subfield code="a">370.1170973</subfield><subfield code="2">23</subfield></datafield><datafield ind1=" " ind2=" " tag="084"><subfield code="a">LAN010000</subfield><subfield code="a">EDU007000</subfield><subfield code="a">EDU029050</subfield><subfield code="2">bisacsh</subfield></datafield><datafield ind1=" " ind2=" " tag="090"><subfield code="a">LC 151 S63 2015</subfield><subfield code="b">AEU</subfield></datafield><datafield ind1="0" ind2="0" tag="245"><subfield code="a">Social diversity within multiliteracies :</subfield><subfield code="b">complexity in teaching and learning /</subfield><subfield code="c">edited by Fenice B. Boyd and Cynthia H. Brock.</subfield></datafield><datafield ind1=" " ind2="1" tag="264"><subfield code="a">New York :</subfield><subfield code="b">Routledge, Taylor &amp; Francis Group,</subfield><subfield code="c">2015.</subfield></datafield><datafield ind1=" " ind2=" " tag="300"><subfield code="a">xiv, 221 pages :</subfield><subfield code="b">illustrations ;</subfield><subfield code="c">24 cm</subfield></datafield><datafield ind1=" " ind2=" " tag="336"><subfield code="a">text</subfield><subfield code="2">rdacontent</subfield></datafield><datafield ind1=" " ind2=" " tag="337"><subfield code="a">unmediated</subfield><subfield code="2">rdamedia</subfield></datafield><datafield ind1=" " ind2=" " tag="338"><subfield code="a">volume</subfield><subfield code="2">rdacarrier</subfield></datafield><datafield ind1=" " ind2=" " tag="504"><subfield code="a">Includes bibliographical references and index.</subfield></datafield><datafield ind1="0" ind2=" " tag="505"><subfield code="a">Reflections on the past, working within the "future": advancing a multiliteracies theory and pedagogy / Fenice B. Boyd and Cynthia H. Brock -- Part I. Exploring Languages, Language Varieties, Culture, Ethnicity, and Identities. Language study in teacher education: cultivating teachers' understandings of language variation / Debra Goodman -- "Deadly ways to learn": language variation, ideology, and learning literacies / Cynthia H. Brock, Jenni Carter, and Fenice B. Boyd -- My life in stories, my world in pictures: a view of multiliteracies from the outside in / Rachel G. Salas and Julie L. Pennington -- White male teachers exploring language, literacy, and diversity: a self-study of male perceptions of diversity(ies) / Mary B. McVee, David Fronczak, Jay Stainsby, and Chad White -- Embracing sexual diversity in classroom teaching / Lynda R. Wiest -- Designing safe places to talk about contentious topics / Fenice B. Boyd and Andrea L. Tochelli -- Part II. Exploring Languages, Language Varieties, Culture, Ethnicity, and Identities in Classrooms and Communities. Code-switching and contrastive analysis: tools of language and culture transform the dialectally diverse classroom / Rebecca Wheeler and Rachel Swords -- Tangled in Charlotte's Web: lessons learned from English learners / Claudia Christensen Haag and Margaret Compton -- Culture and identity: promoting the literacies of a Sudanese father and son / Doris Walker-Dalhouse and A. Derick Dalhouse -- Social equity teaching in action: my community is my classroom / Gwendolyn Thompson McMillon and David Benjamin McMillon -- Transforming locked doors: using multiliteracies to recontextualize identities and learning for youth living on the margins / Sean Turner -- "That teacher just uses her mouth": inviting linguistically diverse students to learn / Zaline M. Roy-Campbell -- Part III. Lessons Learned about Social Diversities within Multiliteracies. Transforming practice in action / Cynthia H. Brock and Fenice B. Boyd.</subfield></datafield><datafield ind1=" " ind2=" " tag="596"><subfield code="a">41</subfield></datafield><datafield ind1=" " ind2="0" tag="650"><subfield code="a">Literacy</subfield><subfield code="x">Social aspects</subfield><subfield code="z">United States.</subfield></datafield><datafield ind1=" " ind2="0" tag="650"><subfield code="a">Language arts</subfield><subfield code="x">Social aspects</subfield><subfield code="z">United States.</subfield></datafield><datafield ind1=" " ind2="0" tag="650"><subfield code="a">Sociolinguistics</subfield><subfield code="z">United States.</subfield></datafield><datafield ind1=" " ind2="0" tag="650"><subfield code="a">Multicultural education</subfield><subfield code="z">United States.</subfield></datafield><datafield ind1="1" ind2=" " tag="700"><subfield code="a">Boyd, Fenice B.</subfield></datafield><datafield ind1="1" ind2=" " tag="700"><subfield code="a">Brock, Cynthia H.</subfield></datafield><datafield ind1=" " ind2=" " tag="949"><subfield code="a">LC 151 S63 2015</subfield><subfield code="h">UAED-B</subfield><subfield code="i">0162035247012</subfield></datafield><datafield ind1=" " ind2=" " tag="926"><subfield code="a">LC 151 S63 2015</subfield><subfield code="w">LC</subfield><subfield code="c">1</subfield><subfield code="i">0162035247012</subfield><subfield code="d">3/15/2017</subfield><subfield code="e">1/22/2017</subfield><subfield code="l">FLOOR_2</subfield><subfield code="m">UAEDUC</subfield><subfield code="n">1</subfield><subfield code="p">$150.00</subfield><subfield code="r">Y</subfield><subfield code="s">Y</subfield><subfield code="t">BOOK</subfield><subfield code="u">3/4/2015</subfield></datafield></record>